<?xml version="1.0" encoding="UTF-8"?><record xmlns="http://www.loc.gov/MARC21/slim" xmlns:cinclude="http://apache.org/cocoon/include/1.0" xmlns:zs="http://www.loc.gov/zing/srw/">
  <leader>00343cz  a2200121n  4500</leader>
  <controlfield tag="001">n 2014210844</controlfield>
  <controlfield tag="003">DLC</controlfield>
  <controlfield tag="005">20140811172447.0</controlfield>
  <controlfield tag="008">140723n| azannaabn          |n aaa      </controlfield>
  <datafield tag="010" ind1=" " ind2=" ">
    <subfield code="a">n 2014210844</subfield>
  </datafield>
  <datafield tag="040" ind1=" " ind2=" ">
    <subfield code="a">DLC</subfield>
    <subfield code="b">eng</subfield>
    <subfield code="e">rda</subfield>
    <subfield code="c">DLC</subfield>
    <subfield code="d">DLC</subfield>
  </datafield>
  <datafield tag="100" ind1="1" ind2=" ">
    <subfield code="a">Modī, Narendra,</subfield>
    <subfield code="d">1950-</subfield>
    <subfield code="t">Sāmājika samarasatā.</subfield>
    <subfield code="l">Hindi</subfield>
  </datafield>
  <datafield tag="670" ind1=" " ind2=" ">
    <subfield code="a">Sāmājika samarasatā, 2012.</subfield>
  </datafield>
</record>